
@book{merleau1966phanomenologie,
  title={Ph{\"a}nomenologie der Wahrnehmung},
  author={Merleau-Ponty, Maurice},
  series={Ph"anomenologisch-Psychologische Forschungen},
  volume={7},
  year={1966},
  address={Berlin},
  publisher={Walter de Gruyter \& Co.},
  note={Aus dem Franz"osischen "ubersetzt und eingef"uhrt durch eine Vorrede von Rudolf Boehm}
}

@article{sinnundbedeutung,
  title={"Uber Sinn und Bedeutung},
  author={Frege, Gottlob},
  journal={Zeitschrift f"ur Philosophie und philosophische Kritik, N.F.},
  volume={100},
  pages={25--50},
  year={1892},
  publisher={Pfeffer}
}