@book{wolf2006nikomachische,
  title={Nikomachische Ethik},
  author={Aristoteles},
  publisher={Rowohlt-Taschenbuch-Verlag},
  series={Rowohlts Enzyklop{\"a}die},
  year={2006},
  address={Reinbek bei Hamburg},
  isbn={978-3499556517},
  note={"Ubersetzt und herausgegeben von Ursula Wolf}
}