@book{wittgenstein1963tractatus,
  title={Tractatus logico-philosophicus - Tageb{\"u}cher, 1914-1916 - Philosphische Untersuchungen},
  author={Wittgenstein, Ludwig},
  year={1984},
  publisher={Suhrkamp Taschenbuch Wissenschaft}
}

@phdthesis{emiliani1999formsp,
    title    = {The Forms of Sense - A study of Wittgenstein's Tractatus},
    school   = {University of Helsinki},
    author   = {Emiliani, Alberto},
    year     = {1999}
}

@book{malcolm2001ludwig,
  title={Ludwig Wittgenstein: a memoir},
  author={Malcolm, Norman and Wright, Georg Henrik and Wittgenstein, Ludwig},
  year={2001},
  publisher={Oxford University Press}
}

@book{frascolla2007understanding,
  title={Understanding Wittgenstein's Tractatus},
  author={Frascolla, Pasquale},
  year={2007},
  publisher={Routledge}
}

@book{mcguinness2002approaches,
  title={Approaches to Wittgenstein},
  author={McGuinness, Brian},
  year={2002},
  publisher={Routledge}
}

@misc{wittgenstein1922tractatus,
  title={Tractatus Logico-Philosophicus},
  author={Wittgenstein, Ludwig},
  year={1922},
  publisher={Paul, Trench, Trubner \& Co.},
  howpublished = "\url{https://www.gutenberg.org/files/5740/5740-pdf.pdf}"
}

@InCollection{sep-atomism-ancient,
	author       =	{Berryman, Sylvia},
	title        =	{Ancient Atomism},
	booktitle    =	{The Stanford Encyclopedia of Philosophy},
	editor       =	{Edward N. Zalta},
	howpublished =	{\url{https://plato.stanford.edu/archives/win2016/entries/atomism-ancient/}},
	year         =	{2016},
	edition      =	{Winter 2016},
	publisher    =	{Metaphysics Research Lab, Stanford University}
}

@InCollection{sep-wittgenstein-atomism,
	author       =	{Proops, Ian},
	title        =	{Wittgenstein's Logical Atomism},
	booktitle    =	{The Stanford Encyclopedia of Philosophy},
	editor       =	{Edward N. Zalta},
	howpublished =	{\url{https://plato.stanford.edu/archives/sum2013/entries/wittgenstein-atomism/}},
	year         =	{2013},
	edition      =	{Summer 2013},
	publisher    =	{Metaphysics Research Lab, Stanford University}
}
