
@incollection{geo,
  title={The Politics of Knowledge: Or, How to Stop Being Eurocentric},
  booktitle={History Compass 12/4},
  author={Seth, Sanjay},
  editor={?},
  year={2014},
  pages={311--320},
  address={?},
  publisher={John Wiley \& Sons Ltd}
}
