@article{anders,
  title={Tribalismus und Ethnizität in Afrika - ein Forschungsüberblick},
  author={Lentz, Carola},
  journal={Leviathan},
  pages={115--145},
  volume={23},
  number={1},
  year={1995},
  address={Berlin},
  publisher={Nomos Verlagsgesellschaft}
}