@incollection{anders,
  title={Die letzte Welle},
  author={Anderson, Benedict},
  booktitle={Die Erfindung der Nation},
  pages={100--121},
  year={1998},
  address={Berlin},
  publisher={Ullstein Buchverlage GmbH \& Co. KG}
}