@article{gluck2011end,
  title={The end of elsewhere: Writing modernity now},
  author={Gluck, Carol},
  journal={The American Historical Review},
  volume={116},
  number={3},
  pages={676--687},
  year={2011},
  publisher={The University of Chicago Press}
}