
@incollection{geo,
  title={Geographies of Knowing, Geographies of Ignorance: Jumping Scale in Southeast Asia},
  booktitle={Locating Southeast Asia. Geographies of knowledge and politics of space},
  author={van Schendel, Willem},
  editor={Kratoska, Paul H. and Raben, Remco and Schulte Nordholt, Henk},
  year={2005},
  pages={275--307},
  address={Leiden},
  publisher={KITLV Press}
}
