@book{kant,
  title={Kritik der reinen Vernunft},
  author={Kant, Immanuel},
  year={1783},
  publisher={Felix Meiner Verlag}
}

@article{perunov2016statistical,
  title={Statistical physics of adaptation},
  author={Perunov, Nikolay and Marsland, Robert A. and England, Jeremy L.},
  journal={Physical Review X},
  volume={6},
  number={2},
  pages={021036},
  year={2016},
  publisher={APS}
}

@article{england2013statistical,
  title={Statistical physics of self-replication},
  author={England, Jeremy L.},
  journal={The Journal of chemical physics},
  volume={139},
  number={12},
  pages={09B623\_1},
  year={2013},
  publisher={AIP}
}