@article{jackson1982epiphenomenal,
  title={Epiphenomenal qualia},
  author={Jackson, Frank},
  journal={The Philosophical Quarterly},
  volume={32},
  number={127},
  pages={127--136},
  year={1982},
  publisher={Oxford University Press}
}