@book{empiricus2013grundriss,
  title={Grundri{\ss} der pyrrhonischen Skepsis},
  author={Empiricus, Sextus and Hossenfelder, Malte},
  year={2013},
  edition = {7}, 
  publisher={Suhrkamp Taschenbuch Verlag}
}

@book{mitchell2009complexity,
  title={Complexity: A guided tour},
  author={Mitchell, Melanie},
  year={2009},
  publisher={Oxford University Press}
}