


@book{dialektik-der-aufklaerung,
  title={Dialektik der Aufklärung. Philosophische Fragmente},
  author={Horkheimer, Max and Adorno, Theodor W.},
  series={Fischer Wissenschaft},
  year={1988},
  address={Frankfurt am Main},
  publisher={Fischer Taschenbuch Verlag}
}


@incollection{hetzel2011adorno,
  title={Dialektik der Aufklärung},
  booktitle={Adorno-Handbuch: Leben - Werk - Wirkung},
  author={Hetzel, Andreas},
  editor={Klein, Richard and Kreuzer, Johann and M{\"u}ller-Doohm, Stefan},
  publisher={J.B. Metzler'sche Verlagsbuchhandlung und Carl Ernst Poeschel Verlag GmbH},
  pages={389--396},
  address={Stuttgart},
  year={2011}
}

@incollection{habermas-mythos,
  title={Die Verschlingung von Mythos und Aufkl{\"a}rung. Bemerkungen zur \emph{Dialektik der Aufkl{\"a}rung} - nach einer erneuten Lekt{\"u}re},
  booktitle={Mythos und Moderne},
  author={Habermas, Jürgen},
  series={edition suhrkamp},
  editor={Bohrer, Karl-Heinz},
  pages={405--431},
  publisher={Suhrkamp Verlag},
  address={Frankfurt am Main},
  year={1983}
}

Gesammelte Schriften in 20 Bänden: Band 10: Kulturkritik und Gesellschaft. Prismen. Ohne Leitbild. Eingriffe. Stichworte. Anhang. 2 Bände (suhrkamp taschenbuch wissenschaft) (

@incollection{fortschritt,
  title={Fortschritt},
  booktitle={Gesammelte Schriften in 20 Bänden: Band 10: Kulturkritik und Gesellschaft.},
  author={Adorno, Theodor W.},
  series={suhrkamp taschenbuch wissenschaft},
  editor={Tiedemann, Rolf},
  pages={617--638},
  publisher={Suhrkamp Verlag},
  address={Frankfurt am Main},
  year={1977}
}
