
@book{merleau1966phanomenologie,
  title={Ph{\"a}nomenologie der Wahrnehmung},
  author={Merleau-Ponty, Maurice},
  series={Ph"anomenologisch-Psychologische Forschungen},
  volume={7},
  year={1966},
  address={Berlin},
  publisher={Walter de Gruyter \& Co.},
  note={Aus dem Franz"osischen "ubersetzt und eingef"uhrt durch eine Vorrede von Rudolf Boehm}
}

@book{zeichen_merleau,
  title={Zeichen},
  author={Merleau-Ponty, Maurice},
  series={Philosophische Bibliothek},
  volume={590},
  year={2007},
  address={Hamburg},
  publisher={Felix Meiner Verlag},
  note={Auf der Grundlage der "Ubersetzungen von Barbara Schmitz, Hans Werner Arndt und Bernhard Waldenfels unter Mitarbeit von Annika Hand und Dominic Harion kommentiert und mit einer Einleitung herausgegeben von Christian Bermes}
}

@book{franzoesisch_phen,
  title={Phénoménologie de la perception},
  author={Merleau-Ponty, Maurice},
  series={Bibliothèque des Idées},
  year={1945},
  address={Paris},
  publisher={Éditions Gallimard}
}