
@INCOLLECTION{gleiter,
  title={Traumata der Modernisierung: Die Architektur in Japan nach 1945},
  author={Gleiter, Jörg H.},
  editor={Susanne Kohte and Hubertus Adam and Daniel Hubert},
  booktitle={Dialoge und Positionen - Architektur in Japan},
  address={Basel},
  year={2017},
  publisher={Birkhäuser Verlag GmbH}
}


@BOOK{taut,
  title={Nippon mit europäischen Augen gesehen},
  author={Taut, Bruno},
  address={Berlin},
	edition={2},
  year={2014},
  publisher={Gebr. Mann Verlag}
}

@BOOK{Hiroshi,
  title={The Architecture of Tokyo},
  author={Watanabe, Hiroshi},
  address={Stuttgart},
  year={2014},
  publisher={Edition Axel Menges}
}

@article{lin2011nakagin,
  title={Nakagin Capsule Tower: Revisiting the Future of the Recent Past},
  author={Lin, Zhongjie},
  journal={Journal of architectural education},
  volume={65},
  number={1},
  pages={13--32},
  year={2011},
  publisher={Taylor \& Francis}
}


@book{kurokawa1977metabolism,
  title={Metabolism in architecture},
  author={Kurokawa, Kishō},
  year={1977},
  publisher={Studio Vista},
  address={London}
}