
@INCOLLECTION{scheler-erkenntnistheorie,
  title={Phänomenologie und Erkenntnistheorie},
  author={Scheler, Max},
  editor={Scheler, Maria},
  booktitle={Schriften aus dem Nachlass Band 1 - Zur Ethik und Erkenntnislehre},
  address={Bern},
  pages={377--430},
  year={1957},
  publisher={A. Francke AG}
}

@INCOLLECTION{scheler-idole,
  title={Idole der Selbsterkenntnis},
  author={Scheler, Max},
  editor={Scheler, Maria},
  booktitle={Gesammelte Werke Band 3 - Vom Umsturz der Werte: Abhandlungen und Aufsätze},
  address={Bern},
  pages={213--292},
  year={1955},
  publisher={A. Francke AG}
}

@INCOLLECTION{scheler-leib,
  title={Zur Konstitution des Menschen},
  author={Scheler, Max},
  editor={Frings, Manfred S.},
  booktitle={Schriften aus dem Nachlass Band III},
  address={Bonn},
  pages={121--186},
  year={1987},
  publisher={Bouvier Verlag Herbert Grundmann}
}


@BOOK{scheler-ethik,
  title={Der Formalismus in der Ethik und die materiale Wertethik},
  author={Scheler, Max},
  editor={Bermes, Christian},
  series={Philosophische Bibliothek},
  volume={657},
  address={Hamburg},
  year={2014},
  publisher={Felix Meiner Verlag}
}

@book{descartes,
  title={Meditationen über die erste Philosophie},
  author={Descartes, Ren{\'e}},
  year={2009},
  editor={Wohlers, Christian},
  address={Hamburg},
  publisher={Felix Meiner Verlag}
}



