@article{russell1905denoting,
  title={On Denoting},
  author={Russell, Bertrand},
  journal={Mind},
  volume={14},
  number={56},
  pages={479--493},
  year={1905},
  publisher={JSTOR}
}

@article{sinnundbedeutung,
  title={"Uber Sinn und Bedeutung},
  author={Frege, Gottlob},
  journal={Zeitschrift f"ur Philosophie und philosophische Kritik, N.F.},
  volume={100},
  pages={25--50},
  year={1892},
  publisher={Pfeffer}
}

@article{begriffundgegenstand,
  title={"Uber Begriff und Gegenstand},
  author={Frege, Gottlob},
  journal={Vierteljahresschrift f"ur wissenschaftliche Philosophie},
  volume={16},
  pages={192--205},
  year={1892}
}

@book{ockham,
  title={Ockhams Rasiermesser. In: Rehfus, Wulff D.(Hg.), Handw{\"o}rterbuch Philosophie},
  author={Jan Westerhoff},
  year={2003},
  publisher={Vandenhoeck \& Ruprecht}
}
