@book{wittgenstein1963tractatus,
  title={Tractatus logico-philosophicus - Tageb{\"u}cher, 1914-1916 - Philosphische Untersuchungen},
  author={Wittgenstein, Ludwig},
  year={1984},
  publisher={Suhrkamp Taschenbuch Wissenschaft}
}


@phdthesis{emiliani1999formsp,
    title    = {The Forms of Sense - A study of Wittgenstein's Tractatus},
    school   = {University of Helsinki},
    author   = {Emiliani, Alberto},
    year     = {1999}
}

@book{malcolm2001ludwig,
  title={Ludwig Wittgenstein: a memoir},
  author={Malcolm, Norman and Wright, Georg Henrik and Wittgenstein, Ludwig},
  year={2001},
  publisher={Oxford University Press}
}

@book{frascolla2007understanding,
  title={Understanding Wittgenstein's Tractatus},
  author={Frascolla, Pasquale},
  year={2007},
  publisher={Routledge}
}