@article {Banakou2013,
	pages            = "12846-12851",
	author           = "Domna Banakou and Raphaela Groten and Mel Slater",
	year             = "2013",
	title            = "Illusory ownership of a virtual child body causes overestimation of object sizes and implicit attitude changes.",
	journal          = "Proceedings of the National Academy of Sciences of the United States of America",
	volume           = "110",
	number           = "31"	
}

@article{botvinick1998rubber,
  title={Rubber hands `feel' touch that eyes see},
  author={Botvinick, Matthew and Cohen, Jonathan},
  journal={Nature},
  volume={391},
  year={1998},
  publisher={Nature Publishing Group}
}

@article{slater2009inducing,
  title={Inducing illusory ownership of a virtual body},
  author={Slater, Mel and Perez-Marcos, Daniel and Ehrsson, H. Henrik and Sanchez-Vives, Maria V.},
  journal={Frontiers in Neuroscience},
  volume={3},
  number={2},
  pages={214--220},
  year={2009},
  publisher={Frontiers Media SA}
}

@article{peck2013putting,
  title={Putting yourself in the skin of a black avatar reduces implicit racial bias},
  author={Peck, Tabitha C and Seinfeld, Sofia and Aglioti, Salvatore M and Slater, Mel},
  journal={Consciousness and Cognition},
  volume={22},
  number={3},
  pages={779--787},
  year={2013},
  publisher={Elsevier}
}

@incollection{fuchs,
  title={Der Schein des Anderen. Empathie und Virtualität},
  booktitle={Grenzen der Empathie. Philosophische, psychologische und anthropologische Perspektiven},
  author={Fuchs, Thomas},
  editor={Breyer, Thiemo},
  publisher={Wilhelm Fink Verlag},
  pages={263--282},
  address={München},
  year={2013}
}

@inbook{fuchs2,
  title={Wirklichkeit und Entfremdung. Derealisierungen in Psychopathologie und Kultur},
  booktitle={Leib und Lebenswelt},
  author={Fuchs, Thomas},
  publisher={Die Graue Edition},
  pages={260--282},
  address={Kusterdingen},
  year={2008}
}