
@article{pirat,
  title={Piraterie vor den afrikanischen Küsten und ihre Ursachen},
  author={Ceska, Edward A. and Ashkenazi, Michael},
  journal={Aus Politik und Zeitgeschichte},
  year={2009},
  volume={34--35},
  pages={33--38},
  address={Bonn},
  publisher={Bundeszentrale für politische Bildung}
}
