
@book{vitracorbusier,
  title={Le Corbusier: The Art of Architecture},
  author={Vitra Design Museum and Architectuurinstituut, Nederlands and von Vegesack, Alexander},
  publisher={Vitra Design Museum (Weil am Rhein)}
}

@book{corbusier1948new,
  title={New World of Space},
  author={Corbusier, Le},
  year={1948},
  publisher={Reynal \& Hitchcock (New York)}
}

@article{corbusier1958vers,
  title={Vers une architecture},
  author={Corbusier, Le},
  year={1923}
}