

@article{turing1950computing,
  title={Computing machinery and intelligence},
  author={Turing, Alan M},
  journal={Mind},
  volume={59},
  number={236},
  pages={433--460},
  year={1950},
  publisher={JSTOR}
}

@article{schank1977goals,
  title={Goals, and Understanding: an inquiry into human knowledge structures},
  author={Schank, Roger C and Abelson, Robert P},
  journal={Hillsdale, N.J.: Lawrence Erlbaum Press},
  year={1977}
}

@article{searle1980minds,
  title={Minds, brains, and programs},
  author={Searle, John R},
  journal={Behavioral and Brain Sciences},
  volume={3},
  number={03},
  pages={417--424},
  year={1980},
  publisher={Cambridge University Press}
}

@incollection{Hofstadter1981,
	booktitle = {The Mind's I},
	year = {1981},
	title = {Reflections on Searle},
	author = {Douglas R. Hofstadter},
	editor = {Douglas R. Hofstadter and Daniel C. Dennett},
	publisher = {Basic Books}
}

@article{searle1987minds,
  title={Minds and brains without programs},
  author={Searle, John R},
  journal={Mindwaves},
  pages={209--233},
  year={1987},
  publisher={Blackwell Oxford}
}