% Encoding: UTF-8

@Article{turing1950computing,
  author    = {Turing, Alan M},
  title     = {Computing machinery and intelligence},
  year      = {1950},
  volume    = {59},
  number    = {236},
  pages     = {433--460},
  journal   = {Mind},
  publisher = {JSTOR},
}

@Article{schank1977goals,
  author  = {Schank, Roger C and Abelson, Robert P},
  title   = {Goals, and Understanding: an inquiry into human knowledge structures},
  year    = {1977},
  journal = {Hillsdale, N.J.: Lawrence Erlbaum Press},
}

@Article{searle1980minds,
  author    = {Searle, John R},
  title     = {Minds, brains, and programs},
  year      = {1980},
  volume    = {3},
  number    = {03},
  pages     = {417--424},
  journal   = {Behavioral and Brain Sciences},
  publisher = {Cambridge University Press},
}

@Article{searle1987minds,
  author    = {Searle, John R},
  title     = {Minds and brains without programs},
  year      = {1987},
  pages     = {209--233},
  journal   = {Mindwaves},
  publisher = {Blackwell Oxford},
}

@InCollection{Hofstadter1981,
  author    = {Douglas R. Hofstadter},
  title     = {Reflections on Searle},
  booktitle = {The Mind's I},
  year      = {1981},
  editor    = {Douglas R. Hofstadter and Daniel C. Dennett},
  publisher = {Basic Books},
}

@Book{ockham,
  author    = {Jan Westerhoff},
  title     = {Ockhams Rasiermesser. In: Rehfus, Wulff D.(Hg.), Handw{\"o}rterbuch Philosophie},
  year      = {2003},
  publisher = {Vandenhoeck \& Ruprecht},
}

@InCollection{kripke1972naming,
  author    = {Kripke, Saul A},
  title     = {Naming and necessity},
  booktitle = {Semantics of natural language},
  year      = {1972},
  publisher = {Springer},
  pages     = {253--355},
}

@Article{russell1905denoting,
  author    = {Russell, Bertrand},
  title     = {On Denoting},
  year      = {1905},
  volume    = {14},
  number    = {56},
  pages     = {479--493},
  journal   = {Mind},
  publisher = {JSTOR},
}

@Article{begriffundgegenstand,
  author  = {Frege, Gottlob},
  title   = {"Uber Begriff und Gegenstand},
  year    = {1892},
  volume  = {16},
  pages   = {192--205},
  journal = {Vierteljahresschrift f"ur wissenschaftliche Philosophie},
}

@Article{sinnundbedeutung,
  author    = {Frege, Gottlob},
  title     = {"Uber Sinn und Bedeutung},
  year      = {1892},
  volume    = {100},
  pages     = {25--50},
  journal   = {Zeitschrift f"ur Philosophie und philosophische Kritik, N.F.},
  publisher = {Pfeffer},
}

@Comment{jabref-meta: databaseType:biblatex;}
