@article{jackson1982epiphenomenal,
  title={Epiphenomenal qualia},
  author={Jackson, Frank},
  journal={The Philosophical Quarterly},
  volume={32},
  number={127},
  pages={127--136},
  year={1982},
  publisher={Oxford University Press}
}

@article{nagel1974like,
  title={What is it like to be a bat?},
  author={Nagel, Thomas},
  journal={The philosophical review},
  volume={83},
  number={4},
  pages={435--450},
  year={1974},
  publisher={JSTOR}
}